@misc{belowdata,
  title = {Bellow the surface dataset},
  url   = {https://statics.belowthesurface.amsterdam/downloadbare-datasets/Downloadtabel_EN.csv},
  note  = {Accessed: 2023-10-09}
}

@misc{personas,
  title = {Just-Right Personas: How to Choose the Scope of Your Personas},
  url   = {https://www.nngroup.com/articles/persona-scope/},
  note  = {Accessed: 2023-14-09}
}