@misc{BelowAmsterdam,
    title = {{Below the Surface - Archeologische vondsten Noord/Zuidlijn Amsterdam}},
    url = {https://belowthesurface.amsterdam/en/pagina/publicaties-en-datasets}
}

@misc{Just-RightPersonas,
    title = {{Just-Right Personas: How to Choose the Scope of Your Personas}},
    url = {https://www.nngroup.com/articles/persona-scope/}
}